@misc{fu.h,
  title = {\tx{lab_bench/lib/AnalogLib/fu.h}},
  abstract = {Header file containing major type definitions for analog firmware.}
}
@misc{util.h,
  title = {\tx{lab_bench/lib/AnalogLib/util.h}},
  abstract = {Header and source files providing utility functions.}
}
@misc{dac.h,
  title = {\tx{lab_bench/lib/AnalogLib/dac.h}},
  abstract = {Header file containing DAC class definition.}
}