@misc{fu.h,
  title = {\tx{lab_bench/lib/AnalogLib/fu.h}},
  abstract = {Header file containing major type definitions for analog firmware.}
}
@misc{dac.h,
  title = {\tx{lab_bench/lib/AnalogLib/dac.h}},
  abstract = {Header file containing DAC class definition.}
}